Automatically generated by Mendeley Desktop 1.16.3
Any changes to this file will be lost if it is regenerated by Mendeley.

BibTeX export options can be customized via Options -> BibTeX in Mendeley Desktop

@article{Norris2013,
archivePrefix = {arXiv},
arxivId = {arXiv:1211.5558v1},
author = {Norris, AN},
eprint = {arXiv:1211.5558v1},
journal = {{\ldots} and Mechanics of Solids},
keywords = {Article,Elastodynamics,Example},
mendeley-tags = {Article,Elastodynamics,Example},
title = {{Active elastodynamic cloaking}},
url = {http://mms.sagepub.com/content/early/2013/04/04/1081286513479962.abstract},
year = {2013}
}
@article{Su1994,
author = {Su, SG and Farris, TN},
journal = {International journal of solids and structures},
keywords = {Article,Unused},
mendeley-tags = {Article,Unused},
number = {1},
pages = {109--126},
title = {{Generalized characteristic method of elastodynamics}},
url = {http://www.sciencedirect.com/science/article/pii/0020768394901791},
volume = {31},
year = {1994}
}
@article{Moosavi2011,
author = {Moosavi, MR and Delfanian, F and Khelil, A and Rabczuk, T},
doi = {10.1016/j.tws.2011.05.003},
issn = {0263-8231},
journal = {Thin-Walled Structures},
keywords = {Article,Elastodynamics,Finite volume method,Meshless method,Orthogonal moving least square,Unused,finite volume method},
mendeley-tags = {Article,Unused},
number = {9},
pages = {1171--1177},
publisher = {Elsevier},
title = {{Orthogonal meshless finite volume method in elastodynamics}},
url = {http://dx.doi.org/10.1016/j.tws.2011.05.003 http://www.sciencedirect.com/science/article/pii/S0263823111001157},
volume = {49},
year = {2011}
}
@article{RAHMAN1995,
author = {RAHMAN, M},
journal = {The Quarterly Journal of Mechanics and Applied {\ldots}},
keywords = {Article,Unused},
mendeley-tags = {Article,Unused},
title = {{Some fundamental axisymmetric singular solutions of elastodynamics}},
url = {http://qjmam.oxfordjournals.org/content/48/3/329.short},
volume = {48},
year = {1995}
}
@article{Humphrey2002,
author = {Humphrey, JD and Na, S.},
doi = {10.1114/1.1467676},
issn = {0090-6964},
journal = {Annals of biomedical engineering},
keywords = {Article,Elastodynamics,Example,atheroscle-,elastodynamics,smooth muscle activation,strain relations,stress,stress analysis,wall shear stress},
mendeley-tags = {Article,Elastodynamics,Example},
month = {apr},
number = {4},
pages = {509--523},
title = {{Elastodynamics and arterial wall stress}},
url = {http://link.springer.com/10.1114/1.1467676 http://link.springer.com/article/10.1114/1.1467676},
volume = {30},
year = {2002}
}
@article{Verwer2009,
annote = {Runge-Kutta, 4th-order

        

        
Quote p498 about "The notion of A-stability is due to..."

        

        
Linear Viscous Waves are applicable to micro-scale, thin film heat transfer, and acoustic propegation in fluid problems.

        

        
Stiffness -{\textgreater} Diagonally implicit methods over fully implicit methods to reduce algebraic complexity.

        

        
4-th order Pad{\'{e}} polynomials useful for 4th Order R-K methods when stiffness is low. It allows a timestep about double than normal although the cost is an extra function evaluation.},
author = {Verwer, JG},
doi = {10.1007/s00211-009-0211-0},
file = {:D$\backslash$:/GoogleDrive/Education/Thesis/Documents - Sources/2009/Numerische Mathematik/Verwer - Runge–Kutta methods and viscous wave equations.pdf:pdf},
issn = {0029-599X},
journal = {Numerische Mathematik},
keywords = {Article,Runge-Kutta,Time Integrators},
mendeley-tags = {Article,Runge-Kutta,Time Integrators},
month = {feb},
number = {3},
pages = {485--507},
title = {{Runge–Kutta methods and viscous wave equations}},
url = {http://link.springer.com/10.1007/s00211-009-0211-0 http://link.springer.com/article/10.1007/s00211-009-0211-0},
volume = {112},
year = {2009}
}
@article{Bischoff2014,
author = {Bischoff, Stefan and Schaal, Christoph and Gaul, Lothar},
doi = {10.1016/j.jsv.2014.04.013},
issn = {0022460X},
journal = {Journal of Sound and Vibration},
keywords = {Article,Elastodynamics,Example},
mendeley-tags = {Article,Elastodynamics,Example},
month = {sep},
number = {18},
pages = {4203--4213},
publisher = {Elsevier},
title = {{Efficient wave scattering analysis for damaged cylindrical waveguides}},
url = {http://linkinghub.elsevier.com/retrieve/pii/S0022460X14002788 http://www.sciencedirect.com/science/article/pii/S0022460X14002788},
volume = {333},
year = {2014}
}
@article{Forristall1971,
author = {Forristall, GZ and Ingram, JD},
journal = {Bulletin of the Seismological Society of {\ldots}},
keywords = {Article,Unused},
mendeley-tags = {Article,Unused},
number = {2},
pages = {275--287},
title = {{Elastodynamics of a wedge}},
url = {http://citeseerx.ist.psu.edu/viewdoc/summary?doi=10.1.1.251.8345 http://www.bssaonline.org/content/61/2/275.short},
volume = {61},
year = {1971}
}
@book{Lee2003,
author = {Lee, HJ and Schiesser, WE},
keywords = {Book,Differential Equations},
mendeley-tags = {Book,Differential Equations},
title = {{Ordinary and partial differential equation routines in C, C++, Fortran, Java, Maple, and Matlab}},
url = {http://books.google.com/books?hl=en{\&}lr={\&}id=qd8YJCnlqZgC{\&}oi=fnd{\&}pg=PP1{\&}dq=Ordinary+and+partial+differential+equation+routines+in+C,+C{\%}2B{\%}2B,+Fortran,+Java,+Maple,+and+MATLAB{\&}ots=yYtcylrAF-{\&}sig=lznaUihxEJX5c0KhxkKCO4fdvxY},
year = {2003}
}
@book{Schiesser2009,
author = {Schiesser, WE and Griffiths, GW},
keywords = {Book,Differential Equations},
mendeley-tags = {Book,Differential Equations},
title = {{A compendium of partial differential equation models: method of lines analysis with Matlab}},
url = {http://books.google.com/books?hl=en{\&}lr={\&}id=dVcEJsh7524C{\&}oi=fnd{\&}pg=PR7{\&}dq=A+compendium+of+partial+differential+equation+models+:+method+of+lines+analysis+with+Matlab{\&}ots=GNNHlpzKlM{\&}sig=PMtiA2chnu81LrAw{\_}zB8SDeN47w http://books.google.com/books?hl=en{\&}lr={\&}id=dVcEJsh7524C{\&}oi=fnd{\&}pg=PR7{\&}dq=A+compendium+of+partial+differential+equation+models:+method+of+lines+analysis+with+Matlab{\&}ots=GNNHlpzKnI{\&}sig=2Qyp31WZz88ijMC5tMnPIxnlB3k http://books.google.com/books?hl=en{\&}lr={\&}id=dVcEJsh7524C{\&}oi=fnd{\&}pg=PR7{\&}dq=A+co},
year = {2009}
}
@article{ZolghadrJahromi2013,
annote = { Newmark, trapezoidal; mid-point; Hibler-Hughes-Taylor

        

        
+ Trapezoidal {\&} Midpoint are unconditionally stable 
    and conserve energy.

      },
author = {{Zolghadr Jahromi}, H. and Izzuddin, B.a.},
doi = {10.1016/j.compstruc.2012.07.012},
file = {:D$\backslash$:/GoogleDrive/Education/Thesis/Documents - Sources/2013/Computers {\&} Structures/Zolghadr Jahromi, Izzuddin - Energy conserving algorithms for dynamic contact analysis using Newmark methods.pdf:pdf},
issn = {00457949},
journal = {Computers {\&} Structures},
month = {mar},
pages = {74--89},
title = {{Energy conserving algorithms for dynamic contact analysis using Newmark methods}},
url = {http://linkinghub.elsevier.com/retrieve/pii/S0045794912001794},
volume = {118},
year = {2013}
}
@book{Butcher2008,
author = {Butcher, JC},
isbn = {9780470723357},
keywords = {Book,Differential Equations},
mendeley-tags = {Book,Differential Equations},
title = {{Numerical methods for ordinary differential equations}},
url = {http://books.google.com/books?hl=en{\&}lr={\&}id=opd2NkBmMxsC{\&}oi=fnd{\&}pg=PR5{\&}dq=Numerical+Methods+for+Ordinary+Differential+Equations{\&}ots=okYHbkmUN5{\&}sig=4E{\_}8dfrsjwqdDFwh9WCkAoHMHag},
year = {2008}
}
@article{Joumaa2014,
annote = {Euler, Forward Method

        

        
+ Conditionally stable for their problem 
+ Straightforward {\&} efficient implementation },
author = {Joumaa, Hady},
doi = {10.1177/1081286512454557},
file = {:D$\backslash$:/GoogleDrive/Education/Thesis/Documents - Sources/2014/{\ldots} and Mechanics of Solids/Joumaa - Elastodynamics in micropolar fractal solids.pdf:pdf},
isbn = {1081286512},
journal = {{\ldots} and Mechanics of Solids},
keywords = {Article,Euler,Time Integrators},
mendeley-tags = {Article,Euler,Time Integrators},
number = {September 2012},
title = {{Elastodynamics in micropolar fractal solids}},
url = {http://mms.sagepub.com/content/19/2/117.short},
year = {2014}
}
@article{Whitaker2013,
annote = {Runge-Kutta, Implicit-Explicit

        

        
+ IMEX schemes use two different R-K methods for stiff and non-stiff terms.
+ Used for nonhydrostatic motion
- Not stable for fast-slow wave oscillations},
author = {Whitaker, JS and Kar, SK},
doi = {10.1175/MWR-D-13-00132.1},
file = {:D$\backslash$:/GoogleDrive/Education/Thesis/Documents - Sources/2013/Monthly Weather Review/Whitaker, Kar - Implicit–Explicit Runge–Kutta Methods for Fast–Slow Wave Problems.pdf:pdf},
issn = {0027-0644},
journal = {Monthly Weather Review},
keywords = {Article,Runge-Kutta,Time Integrators},
mendeley-tags = {Article,Runge-Kutta,Time Integrators},
month = {oct},
number = {10},
pages = {3426--3434},
title = {{Implicit–Explicit Runge–Kutta Methods for Fast–Slow Wave Problems}},
url = {http://journals.ametsoc.org/doi/abs/10.1175/MWR-D-13-00132.1},
volume = {141},
year = {2013}
}
@book{Gottlieb2011,
author = {Gottlieb, S and Ketcheson, DI and Shu, CW},
isbn = {9789814289269},
keywords = {Book,Runge-Kutta},
mendeley-tags = {Book,Runge-Kutta},
title = {{Strong stability preserving Runge-Kutta and multistep time discretizations}},
url = {http://www.worldscientific.com/doi/pdf/10.1142/9789814289276{\_}bmatter},
year = {2011}
}
@article{Jones1985,
author = {Jones, DS},
journal = {IMA journal of applied mathematics},
keywords = {Article,Unused},
mendeley-tags = {Article,Unused},
pages = {83--97},
title = {{Boundary integrals in elastodynamics}},
url = {http://imamat.oxfordjournals.org/content/34/1/83.short},
year = {1985}
}
@book{Hesthaven,
author = {Hesthaven, JS and Warburton, T},
isbn = {9780387720654},
keywords = {Book,Galerkin},
mendeley-tags = {Book,Galerkin},
title = {{Nodal discontinuous Galerkin methods: algorithms, analysis, and applications}},
url = {http://books.google.com/books?hl=en{\&}lr={\&}id=0fNte{\_}5nQNwC{\&}oi=fnd{\&}pg=PA1{\&}dq=Nodal+discontinuous+Galerkin+methods:+algorithms,+analysis,+and+applications{\&}ots=V7UNNZ77Q0{\&}sig=Bg9X7ahK6snG{\_}mF1Lr6DMFLX1yI},
year = {2007}
}
@article{Hecht2012,
annote = {Corotational, Choleskey        

        

        
Mentioned:
Euler, Backward Method
Newmark Method

        

        
+ Faster than iterative solvers 
+ Capable of solving ill-conditioned matrices 
- Computing factorization is slow

        

        
Reference Table II on 123:9

        

        

        

      },
author = {Hecht, Florian and Lee, YJ and Shewchuk, JR and O'Brien, JF},
doi = {10.1145/2231816.2231821},
file = {:D$\backslash$:/GoogleDrive/Education/Thesis/Documents - Sources/2012/ACM Transactions on {\ldots}/Hecht et al. - Updated sparse cholesky factors for corotational elastodynamics.pdf:pdf},
journal = {ACM Transactions on {\ldots}},
keywords = {Article,Choleskey,Euler,Newmark,Time Integrators},
mendeley-tags = {Article,Choleskey,Euler,Newmark,Time Integrators},
number = {5},
title = {{Updated sparse cholesky factors for corotational elastodynamics}},
url = {http://dl.acm.org/citation.cfm?id=2231821},
volume = {31},
year = {2012}
}
@article{Wang1994,
author = {Wang, CY and Achenbach, JD},
journal = {Geophysical Journal International},
keywords = {Article,Example,anisotropic solid,elastodynamic,frequency domain,green,radon transform,s function,time domain},
mendeley-tags = {Article,Example},
pages = {384--392},
title = {{Elastodynamic fundamental solutions for anisotropic solids}},
url = {http://gji.oxfordjournals.org/content/118/2/384.short},
year = {1994}
}
@article{Miller2014,
author = {Miller, S.T. and Abedi, R.},
doi = {10.1016/j.cam.2013.11.027},
issn = {03770427},
journal = {Journal of Computational and Applied Mathematics},
keywords = {Article,Galerkin,Methods,spacetime discontinuous galerkin},
mendeley-tags = {Article,Galerkin,Methods},
month = {nov},
pages = {510--521},
publisher = {Elsevier B.V.},
title = {{Riemann solutions for spacetime discontinuous Galerkin methods}},
url = {http://linkinghub.elsevier.com/retrieve/pii/S0377042713006596 http://www.sciencedirect.com/science/article/pii/S0377042713006596},
volume = {270},
year = {2014}
}
@article{Michels2014,
annote = {Corotational Time-integrator

        

        
- Derived for the specific problem 
+ Allows linear estimation of Green's strain tensor which is invariant under rotation 
+ Computationally efficient Capable of calculating large deformations
-+ Computational time decreased for increased human time.},
author = {Michels, DL and Sobottka, GA and Weber, AG},
file = {:D$\backslash$:/GoogleDrive/Education/Thesis/Documents - Sources/2014/ACM Transactions on Graphics ( {\ldots}/Michels, Sobottka, Weber - Exponential integrators for stiff elastodynamic problems.pdf:pdf},
journal = {ACM Transactions on Graphics ( {\ldots}},
keywords = {Article,CETI,Time Integrators},
mendeley-tags = {Article,CETI,Time Integrators},
number = {1},
title = {{Exponential integrators for stiff elastodynamic problems}},
url = {http://dl.acm.org/citation.cfm?id=2508462},
volume = {33},
year = {2014}
}
@article{Chandrasekharaiah1989,
author = {Chandrasekharaiah, DS},
journal = {Acta mechanica},
keywords = {Article,Unused},
mendeley-tags = {Article,Unused},
pages = {235--241},
title = {{Naghdi-Hsu type solution in elastodynamics}},
url = {http://link.springer.com/article/10.1007/BF01253582},
volume = {241},
year = {1989}
}
@article{Publishers1979,
author = {Chee-Seng, L},
journal = {Journal of Elasticity},
keywords = {Article,Unused},
mendeley-tags = {Article,Unused},
number = {4},
pages = {357--372},
title = {{Harmonic solutions of micropolar elastodynamics}},
url = {http://link.springer.com/article/10.1007/BF00044614},
volume = {9},
year = {1979}
}
@article{Fritz2011,
author = {Fritz, J},
journal = {Archive for rational mechanics and analysis},
keywords = {Article,Unused},
mendeley-tags = {Article,Unused},
pages = {209--249},
title = {{Microscopic theory of isothermal elastodynamics}},
url = {http://books.google.com/books?hl=en{\&}lr={\&}id=WD4UAwAAQBAJ{\&}oi=fnd{\&}pg=PR10{\&}dq=Elastodynamics{\&}ots=gt2Wed3BB2{\&}sig=GTCj0ZWv0uxmnLV93CHxQwmLFO4 http://link.springer.com/article/10.1007/s00205-010-0385-8},
volume = {201},
year = {2011}
}
@article{Ketcheson2011,
annote = {Runge-Kutta, Two-step {\&} SSP

        

        
+ Standard SSP has 4th order stability 
+ TSRK SSP has 8th order stability 
+ Relatively simple forms 
+ Useful for hyperbolic PDE integration },
archivePrefix = {arXiv},
arxivId = {arXiv:1106.3626v1},
author = {Ketcheson, DI and Gottlieb, Sigal and Macdonald, CB},
eprint = {arXiv:1106.3626v1},
file = {:D$\backslash$:/GoogleDrive/Education/Thesis/Documents - Sources/2011/SIAM Journal on Numerical {\ldots}/Ketcheson, Gottlieb, Macdonald - Strong stability preserving two-step Runge-Kutta methods.pdf:pdf},
journal = {SIAM Journal on Numerical {\ldots}},
keywords = {Article,Runge-Kutta,SSP,Time Integrators},
mendeley-tags = {Article,Runge-Kutta,SSP,Time Integrators},
pages = {1--24},
title = {{Strong stability preserving two-step Runge-Kutta methods}},
url = {http://epubs.siam.org/doi/abs/10.1137/10080960X},
year = {2011}
}
@article{Li2013,
author = {Li, Duo and Sueda, Shinjiro and Neog, DR and Pai, DK},
doi = {10.1145/2461912.2462008},
issn = {07300301},
journal = {ACM Transactions on Graphics (TOG)},
keywords = {Article,Elastodynamics,Example,con-,eulerian simulation,faces,hands,physically-based simulation,skin,strained simulation},
mendeley-tags = {Article,Elastodynamics,Example},
month = {jul},
number = {4},
pages = {1},
title = {{Thin skin elastodynamics}},
url = {http://dl.acm.org/citation.cfm?doid=2461912.2462008 http://dl.acm.org/citation.cfm?id=2462008},
volume = {32},
year = {2013}
}
@article{Rahimian2007,
author = {Rahimian, Mohammad and Eskandari-Ghadi, M},
journal = {Journal of Engineering {\ldots}},
keywords = {Article,Unused},
mendeley-tags = {Article,Unused},
number = {October},
pages = {1134--1145},
title = {{Elastodynamic potential method for transversely isotropic solid}},
url = {http://ascelibrary.org/doi/abs/10.1061/(ASCE)0733-9399(2007)133:10(1134)},
year = {2007}
}
@article{Bui2007,
annote = {Newmark, Midpoint {\&} Trapezoidal

        
+ Modifiable to use in non-linear elastodynamics
+ Errors can be incorporated into scalars.
+ Trapezoidal rule is better for problems with 
    instantaneous restraints.},
author = {Bui, Q V},
doi = {10.1002/nme},
file = {:D$\backslash$:/GoogleDrive/Education/Thesis/Documents - Sources/2007/Unknown/Bui - On the enforcing energy conservation of time finite elements for discrete elasto-dynamics problems.pdf:pdf},
keywords = {conservation,energy,galerkin finite element method,momentum conservation,non-linear dynamics,temporal integrators},
number = {September 2006},
pages = {127--162},
title = {{On the enforcing energy conservation of time finite elements for discrete elasto-dynamics problems}},
year = {2007}
}
@article{Saedpanah2013,
abstract = {A hyperbolic integro-differential equation is considered, as a model problem, where the convolution kernel is assumed to be either smooth or no worse than weakly singular. Well-posedness of the problem is studied in the context of semigroup of linear operators, and regularity of any order is proved for smooth kernels. Energy method is used to prove optimal order a priori error estimates for the finite element spatial semidiscrete problem. A continuous space-time finite element method of order one is formulated for the problem. Stability of the discrete dual problem is proved, that is used to obtain optimal order a priori estimates via duality arguments. The theory is illustrated by an example.},
annote = {Galerkin, Spacetime

        

        
+ Solving hyperbolic integrals},
archivePrefix = {arXiv},
arxivId = {1303.2250},
author = {Saedpanah, Fardin},
eprint = {1303.2250},
file = {:D$\backslash$:/GoogleDrive/Education/Thesis/Documents - Sources/2014/IMA Journal of Numerical Analysis/Saedpanah - Continuous Galerkin finite element methods for hyperbolic integro-differential equations.pdf:pdf},
journal = {IMA Journal of Numerical Analysis},
keywords = {Article,Spacetime Galerkin,Time Integrators},
mendeley-tags = {Article,Spacetime Galerkin,Time Integrators},
month = {mar},
pages = {25},
title = {{Continuous Galerkin finite element methods for hyperbolic integro-differential equations}},
url = {http://imajna.oxfordjournals.org/content/early/2014/05/15/imanum.dru024.short http://arxiv.org/abs/1303.2250},
year = {2014}
}
@book{Pietro2011,
author = {Pietro, DA Di and Ern, A},
isbn = {9783642229794},
keywords = {Book,Galerkin},
mendeley-tags = {Book,Galerkin},
title = {{Mathematical aspects of discontinuous Galerkin methods}},
url = {http://books.google.com/books?hl=en{\&}lr={\&}id=ak-qQvWGA5oC{\&}oi=fnd{\&}pg=PR5{\&}dq=Mathematical+aspects+of+discontinuous+Galerkin+methods{\&}ots=pQ6UpljRjt{\&}sig=kvj-9Mi738zLw-h9g9KTMH63kjs},
year = {2011}
}
@book{Kausel2006,
author = {Kausel, E},
keywords = {Book,Elastodynamics},
mendeley-tags = {Book,Elastodynamics},
title = {{Fundamental solutions in elastodynamics: a compendium}},
url = {http://books.google.com/books?hl=en{\&}lr={\&}id=7{\_}STZ94Y184C{\&}oi=fnd{\&}pg=PR9{\&}dq=Fundamental+solutions+in+elastodynamics+:+a+compendium{\&}ots=kzDH5wu67Y{\&}sig=m3ygEQ-Uc3FnCczp8UoN5LEDAkY},
year = {2006}
}
@article{Gleim2013,
author = {Gleim, T. and Kuhl, D.},
doi = {10.1002/zamm.201200044},
file = {:D$\backslash$:/GoogleDrive/Education/Thesis/Documents - Sources/2013/ZAMM - Journal of Applied Mathematics and Mechanics Zeitschrift f{\"{u}}r Angewandte Mathematik und Mechanik/Gleim, Kuhl - Higher order accurate discontinuous and continuous p-Galerkin methods for l.pdf:pdf},
issn = {00442267},
journal = {ZAMM - Journal of Applied Mathematics and Mechanics / Zeitschrift f{\"{u}}r Angewandte Mathematik und Mechanik},
keywords = {are developed in a,concerned with the numerical,continuous galerkin,different higher,discontinuous and continuous p,discontinuous galerkin,dynamics by means of,firstly the single field,galerkin schemes,generalized fashion using arbitrary,in a further step,integration of linear structural,integration schemes,linear elastodynamics,order accurate galerkin time,p -galerkin time integration,polynomial degrees,schemes,the present paper is,the two field discontinuous},
month = {feb},
number = {2-3},
pages = {177--194},
title = {{Higher order accurate discontinuous and continuous p-Galerkin methods for linear elastodynamics}},
url = {http://doi.wiley.com/10.1002/zamm.201200044},
volume = {93},
year = {2013}
}
@article{Nikkhah2011,
author = {Nikkhah, M and Honarvar, F and Dehghan, E},
doi = {10.1007/s10483-011-1405-9},
journal = {Applied Mathematics and Mechanics},
keywords = {Article,Example,elastodynamic solution,functionally graded material,hollow cylinder},
mendeley-tags = {Article,Example},
number = {2},
pages = {189--202},
title = {{Elastodynamic solution for plane-strain response of functionally graded thick hollow cylinders by analytical method}},
url = {http://link.springer.com/article/10.1007/s10483-011-1405-9},
volume = {32},
year = {2011}
}
@article{Giesselmann2013,
author = {Giesselmann, Jan},
doi = {10.1002/pamm.201310177},
issn = {16177061},
journal = {PAMM},
keywords = {Article,Elastodynamics,Example},
mendeley-tags = {Article,Elastodynamics,Example},
month = {dec},
number = {1},
pages = {363--364},
title = {{Cavitation and Singular Solutions in Nonlinear Elastodynamics}},
url = {http://doi.wiley.com/10.1002/pamm.201310177 http://onlinelibrary.wiley.com/doi/10.1002/pamm.201310177/abstract},
volume = {13},
year = {2013}
}
@article{Chen2003,
annote = {Runge-Kutta, Mixed

        

        
+ Increased validity from normal R-K methods 
- Increased computational costs for elimination of spurious solutions},
author = {Chen, Benito and Solis, Francisco},
doi = {10.1016/S0168-9274(02)00146-0},
file = {:D$\backslash$:/GoogleDrive/Education/Thesis/Documents - Sources/2003/Applied numerical mathematics/Chen, Solis - Explicit mixed finite order Runge–Kutta methods.pdf:pdf},
issn = {01689274},
journal = {Applied numerical mathematics},
keywords = {Article,Runge-Kutta,Time Integrators},
mendeley-tags = {Article,Runge-Kutta,Time Integrators},
month = {jan},
number = {1-2},
pages = {21--30},
title = {{Explicit mixed finite order Runge–Kutta methods}},
url = {http://linkinghub.elsevier.com/retrieve/pii/S0168927402001460 http://www.sciencedirect.com/science/article/pii/S0168927402001460},
volume = {44},
year = {2003}
}
@article{Xingming1997,
author = {Xingming, G},
journal = {Applied Mathematics and Mechanics},
keywords = {Article,Unused,constitutive law,elastodynamics,existence,i,i n t r,in the classical elasticity,is assumed,nonlinear,o d u c,t i o n,the linear constitutive law,where the hyper-potential},
mendeley-tags = {Article,Unused},
number = {3},
title = {{The existence of solutions in nonlinear elastodynamics}},
url = {http://link.springer.com/article/10.1007/BF02453367},
volume = {18},
year = {1997}
}
@article{Giorgiani2013,
author = {Giorgiani, Giorgio},
doi = {10.1002/fld.3828},
issn = {02712091},
journal = {{\ldots} Numerical Methods {\ldots}},
keywords = {Article,Galerkin,Methods,discontinuous galerkin,high-order elements,scattering,wave propagation},
mendeley-tags = {Article,Galerkin,Methods},
month = {jul},
number = {July},
pages = {n/a--n/a},
title = {{High‐order continuous and discontinuous Galerkin methods for wave problems}},
url = {http://onlinelibrary.wiley.com/doi/10.1002/fld.3828/full http://doi.wiley.com/10.1002/fld.3828},
year = {2013}
}
@article{Watanabe2008,
author = {Watanabe, Kazumi and Biwa, S.},
doi = {10.1007/s00707-007-0515-z},
issn = {0001-5970},
journal = {Acta Mechanica},
keywords = {Article,Elastodynamics,Example},
mendeley-tags = {Article,Elastodynamics,Example},
month = {jan},
number = {1-4},
pages = {27--59},
title = {{Elastodynamic Doppler effects}},
url = {http://link.springer.com/10.1007/s00707-007-0515-z http://link.springer.com/article/10.1007/s00707-007-0515-z},
volume = {195},
year = {2008}
}
@article{Georgiadis1986,
author = {Georgiadis, HG},
journal = {Engineering Fracture Mechanics},
keywords = {Article,Example},
mendeley-tags = {Article,Example},
title = {{Complex-variable and integral-transform methods for elastodynamic solutions of cracked orthotropic strips}},
url = {http://www.sciencedirect.com/science/article/pii/0013794486902456},
volume = {727},
year = {1986}
}
@article{Taira2013,
author = {Taira, Kazuaki},
doi = {10.1007/s00028-013-0187-1},
journal = {Journal of Evolution Equations},
keywords = {Article,Unused,condition,contraction group,dedicated to professor mitsuru,displacement-traction boundary,ikawa on the occasion,initial-boundary value problem,linear elastodynamics,of his 70th birthday},
mendeley-tags = {Article,Unused},
pages = {481--507},
title = {{A mixed problem of linear elastodynamics}},
url = {http://link.springer.com/article/10.1007/s00028-013-0187-1},
volume = {13},
year = {2013}
}
@article{Abedi2014,
annote = {Galerkin, Spacetime Discontinuous




+ Element-wise momentum balance 
+ Non-uniform meshes 
+ Continuous Mesh adaption 
+ High-res solutions},
author = {Abedi, Reza and Haber, RB},
doi = {10.1016/j.cma.2013.11.021},
file = {:D$\backslash$:/GoogleDrive/Education/Thesis/Documents - Sources/2014/Computer Methods in Applied Mechanics and {\ldots}/Abedi, Haber - Riemann solutions and spacetime discontinuous Galerkin method for linear elastodynamic contact.pdf:pdf},
issn = {0045-7825},
journal = {Computer Methods in Applied Mechanics and {\ldots}},
keywords = {Article,Spacetime Galerkin,Time Integrators},
mendeley-tags = {Article,Spacetime Galerkin,Time Integrators},
pages = {150--177},
publisher = {Elsevier B.V.},
title = {{Riemann solutions and spacetime discontinuous Galerkin method for linear elastodynamic contact}},
url = {http://dx.doi.org/10.1016/j.cma.2013.11.021 http://www.sciencedirect.com/science/article/pii/S0045782513003290},
volume = {270},
year = {2014}
}
@article{Cockburn2009,
author = {Cockburn, B and Gopalakrishnan, J and Lazarov, Raytcho},
journal = {SIAM Journal on Numerical {\ldots}},
keywords = {070706616,10,1137,65m60,65n30,Article,Galerkin,Methods,ams subject classifications,continuous methods,discontinuous galerkin methods,doi,elliptic problems,hybrid,methods,mixed methods},
mendeley-tags = {Article,Galerkin,Methods},
number = {2},
pages = {1319--1365},
title = {{Unified hybridization of discontinuous Galerkin, mixed, and continuous Galerkin methods for second order elliptic problems}},
url = {http://epubs.siam.org/doi/abs/10.1137/070706616},
volume = {47},
year = {2009}
}
@book{Cockburn2000,
author = {Cockburn, B.},
isbn = {9783540667872},
keywords = {Book,Galerkin},
mendeley-tags = {Book,Galerkin},
pages = {470},
publisher = {Springer-Verlag},
title = {{Discontinuous Galerkin Methods: Theory, Computation, and Applications}},
year = {2000}
}
@article{Chandrasekharaiah1990,
author = {Chandrasekharaiah, DS},
journal = {Acta mechanica},
keywords = {Article,Unused},
mendeley-tags = {Article,Unused},
pages = {185--190},
title = {{A complete solution in elastodynamics}},
url = {http://link.springer.com/article/10.1007/BF01176096},
volume = {190},
year = {1990}
}
@article{Qiu.2005,
annote = {Runge-Kutta, High order

        

        
+ Non-linear stability},
author = {Qiu, J and Shu, CW},
doi = {10.1137/S1064827503425298},
file = {:D$\backslash$:/GoogleDrive/Education/Thesis/Documents - Sources/2005/SIAM Journal on Scientific Computing/Qiu, Shu - Runge-Kutta discontinuous Galerkin method using WENO limiters.pdf:pdf},
issn = {1064-8275},
journal = {SIAM Journal on Scientific Computing},
keywords = {10,1137,35l65,65m60,65m99,Article,Runge-Kutta,Time Integrators,ams subject classifications,doi,high order accuracy,kutta discontinuous galerkin method,limiters,runge,s1064827503425298,scheme,weno finite volume},
mendeley-tags = {Article,Runge-Kutta,Time Integrators},
month = {jan},
number = {3},
pages = {907--929},
title = {{Runge-Kutta discontinuous Galerkin method using WENO limiters}},
url = {http://epubs.siam.org/doi/abs/10.1137/S1064827503425298},
volume = {26},
year = {2005}
}
@article{DutradoCarmo2014,
author = {do Carmo, EG Dutra},
doi = {10.1016/j.cma.2013.11.003},
issn = {00457825},
journal = {{\ldots} Methods in Applied {\ldots}},
keywords = {Article,Continuous Galerkin,Continuous–discontinuous Galerkin,Discontinuous Galerkin,Elastic problems,Elasticity,Galerkin,Methods},
mendeley-tags = {Article,Elasticity,Galerkin,Methods},
month = {feb},
pages = {291--314},
publisher = {Elsevier B.V.},
title = {{Continuous/discontinuous Galerkin methods applied to elasticity problems}},
url = {http://linkinghub.elsevier.com/retrieve/pii/S0045782513002983 http://www.sciencedirect.com/science/article/pii/S0045782513002983},
volume = {269},
year = {2014}
}
@article{Idesman2014,
annote = {Explicit, central difference

        
+ Popular

      },
author = {Idesman, a. and Pham, D.},
doi = {10.1016/j.cma.2013.12.002},
file = {:D$\backslash$:/GoogleDrive/Education/Thesis/Documents - Sources/2014/Computer Methods in Applied Mechanics and Engineering/Idesman, Pham - Finite element modeling of linear elastodynamics problems with explicit time-integration methods and linear elements wit.pdf:pdf},
issn = {00457825},
journal = {Computer Methods in Applied Mechanics and Engineering},
month = {apr},
pages = {86--108},
publisher = {Elsevier B.V.},
title = {{Finite element modeling of linear elastodynamics problems with explicit time-integration methods and linear elements with the reduced dispersion error}},
url = {http://linkinghub.elsevier.com/retrieve/pii/S0045782513003423},
volume = {271},
year = {2014}
}
@article{Wang1992,
author = {Wang, X and Gong, YN},
journal = {International journal of engineering science},
keywords = {Article,Example},
mendeley-tags = {Article,Example},
number = {1},
pages = {25--33},
title = {{An elastodynamic solution for multilayered cylinders}},
url = {http://www.sciencedirect.com/science/article/pii/002072259290118Z},
volume = {30},
year = {1992}
}
@article{Skvortsov2011,
author = {Abdulle, A},
doi = {10.1134/S0965542511070165},
issn = {0965-5425},
journal = {Computational Mathematics and Mathematical Physics},
keywords = {Article,Methods,Runge-Kutta,chebyshev methods,dif,ferential equations,kutta,prothero,robinson equation,runge,stability polynomials,stiff problems for ordinary},
mendeley-tags = {Article,Methods,Runge-Kutta},
month = {jul},
number = {7},
pages = {1153--1166},
title = {{Explicit stabilized Runge-Kutta methods}},
url = {http://link.springer.com/10.1134/S0965542511070165 http://infoscience.epfl.ch/record/182180/files/abd{\_}cheb{\_}springer.pdf},
volume = {51},
year = {2011}
}
@article{Romero2004,
author = {Romero, Ignacio},
doi = {10.1016/j.cma.2004.01.012},
file = {:D$\backslash$:/GoogleDrive/Education/Thesis/Documents - Sources/2004/Computer Methods in Applied Mechanics and Engineering/Romero - Stability analysis of linear multistep methods for classical elastodynamics.pdf:pdf},
issn = {00457825},
journal = {Computer Methods in Applied Mechanics and Engineering},
keywords = {finite elements,linear elastodynamics,linear multistep methods,modal analysis,stability},
month = {jun},
number = {23-26},
pages = {2169--2189},
title = {{Stability analysis of linear multistep methods for classical elastodynamics}},
url = {http://linkinghub.elsevier.com/retrieve/pii/S004578250400074X},
volume = {193},
year = {2004}
}
@article{Jelinek,
author = {Jelinek, Michal and Mahaffy, J},
journal = {personal.psu.edu},
keywords = {Article,Methods},
mendeley-tags = {Article,Methods},
pages = {1--7},
title = {{The Method of Manufactured Solutions}},
url = {http://personal.psu.edu/jhm/ME540/lectures/VandV/MMS{\_}summary.pdf}
}
@book{Hughes2012,
author = {Hughes, TJR},
isbn = {978-0-486-41181-1},
title = {{The finite element method: linear static and dynamic finite element analysis}},
url = {http://books.google.com/books?hl=en{\&}lr={\&}id=cHH2n{\_}qBK0IC{\&}oi=fnd{\&}pg=PP1{\&}dq=The+finite+element+method:+linear+static+and+dynamic+finite+element+analysis{\&}ots=vrqnm3b1UT{\&}sig=Bykd8yCY8ZGvlbwt{\_}v0fB-g5ysw},
year = {2012}
}
