Automatically generated by Mendeley Desktop 1.16.3
Any changes to this file will be lost if it is regenerated by Mendeley.

BibTeX export options can be customized via Options -> BibTeX in Mendeley Desktop

@article{Gross2014,
abstract = {Nearing 30 years since its introduction, 3D printing technology is set to revolutionize research and teaching laboratories. This feature encompasses the history of 3D printing, reviews various printing methods, and presents current applications. The authors offer an appraisal of the future direction and impact this technology will have on laboratory settings as 3D printers become more accessible.},
author = {Gross, Bethany C. and Erkal, Jayda L. and Lockwood, Sarah Y. and Chen, Chengpeng and Spence, Dana M.},
doi = {10.1021/ac403397r},
file = {:D$\backslash$:/GoogleDrive/Education/Thesis/Documents - Sources/2014/Analytical Chemistry/Gross et al. - Evaluation of 3D printing and its potential impact on biotechnology and the chemical sciences.pdf:pdf},
isbn = {0003-2700},
issn = {15206882},
journal = {Analytical Chemistry},
number = {7},
pages = {3240--3253},
pmid = {24432804},
title = {{Evaluation of 3D printing and its potential impact on biotechnology and the chemical sciences}},
volume = {86},
year = {2014}
}
@article{Savini2015,
author = {Savini, A. and Savini, G.G.},
doi = {10.1109/HISTELCON.2015.7307314},
file = {:D$\backslash$:/GoogleDrive/Education/Thesis/Documents - Sources/2015/2015 ICOHTECIEEE International History of High-Technologies and their Socio-Cultural Contexts Conference (HISTELCON)/Savini, Savini - A short history of 3D printing, a technological revolution.pdf:pdf},
isbn = {978-1-5090-0065-4},
journal = {2015 ICOHTEC/IEEE International History of High-Technologies and their Socio-Cultural Contexts Conference (HISTELCON)},
pages = {1--8},
title = {{A short history of 3D printing, a technological revolution just started}},
url = {http://ieeexplore.ieee.org.ezproxy.lib.ryerson.ca/stamp/stamp.jsp?tp={\&}arnumber=7307314},
year = {2015}
}
@article{History2016,
author = {Hughes, B. and Wilson, G.},
file = {:D$\backslash$:/GoogleDrive/Education/Thesis/Documents - Sources/2016/Unknown/Hughes, Wilson - 3Dadditive printing manufacturing A BRIEF HISTORY AND PURCHASING GUIDE.pdf:pdf},
number = {January},
pages = {18--22},
title = {{3D/additive printing manufacturing: A BRIEF HISTORY AND PURCHASING GUIDE}},
year = {2016}
}
